[gd_scene load_steps=8 format=2]

[ext_resource path="res://Trinket/LeftArrow.tscn" type="PackedScene" id=1]
[ext_resource path="res://Trinket/RightArrow.tscn" type="PackedScene" id=2]
[ext_resource path="res://Trinket/Coin.tscn" type="PackedScene" id=3]
[ext_resource path="res://Trinket/DownArrow.tscn" type="PackedScene" id=4]
[ext_resource path="res://Trinket/UpArrow.tscn" type="PackedScene" id=5]
[ext_resource path="res://Player/Player.tscn" type="PackedScene" id=6]
[ext_resource path="res://MainScene/MainScene.gd" type="Script" id=7]

[node name="Node2D" type="Node2D"]
script = ExtResource( 7 )

[node name="GridContainer" type="GridContainer" parent="."]
margin_right = 32.0
margin_bottom = 32.0
__meta__ = {
"_edit_use_anchors_": false
}

[node name="TileMap" type="TileMap" parent="."]
cell_size = Vector2( 32, 32 )
format = 1

[node name="UpArrow" parent="." instance=ExtResource( 5 )]
position = Vector2( 80.3044, 48.3448 )

[node name="UpArrow2" parent="." instance=ExtResource( 5 )]
position = Vector2( 80.7226, 176.29 )

[node name="UpArrow3" parent="." instance=ExtResource( 5 )]
position = Vector2( 80.7225, 111.899 )

[node name="DownArrow" parent="." instance=ExtResource( 4 )]
position = Vector2( 144.67, 111.639 )

[node name="DownArrow2" parent="." instance=ExtResource( 4 )]
position = Vector2( 144.67, 49.7565 )

[node name="LeftArrow" parent="." instance=ExtResource( 1 )]
position = Vector2( 272.615, 112.893 )

[node name="LeftArrow2" parent="." instance=ExtResource( 1 )]
position = Vector2( 272.197, 48.5021 )

[node name="Coin" parent="." instance=ExtResource( 3 )]
position = Vector2( 337.006, 111.639 )

[node name="Coin2" parent="." instance=ExtResource( 3 )]
position = Vector2( 335.752, 47.6659 )

[node name="RightArrow" parent="." instance=ExtResource( 2 )]
position = Vector2( 207.388, 47.2478 )

[node name="RightArrow2" parent="." instance=ExtResource( 2 )]
position = Vector2( 207.806, 112.475 )

[node name="Player" parent="." instance=ExtResource( 6 )]
position = Vector2( 15.6196, 47.5694 )
